<?xml version="1.0" encoding="UTF-8"?>
<record>
  <leader>03079cam a2200589 cb4500</leader>
  <controlfield tag="003">DE-605</controlfield>
  <controlfield tag="005">20250113141020.0</controlfield>
  <controlfield tag="007">tu</controlfield>
  <controlfield tag="008">240905s2024    au |||||||||||||||||eng c</controlfield>
  <controlfield tag="001">99374562054206441</controlfield>
  <datafield tag="020" ind1=" " ind2=" ">
    <subfield code="z">9783527351008</subfield>
    <subfield code="a">9783527351008</subfield>
    <subfield code="9">978-3-527-35100-8</subfield>
  </datafield>
  <datafield tag="024" ind1="3" ind2=" ">
    <subfield code="a">9783527351008</subfield>
  </datafield>
  <datafield tag="035" ind1=" " ind2=" ">
    <subfield code="a">(DE-605)HT030844118</subfield>
  </datafield>
  <datafield tag="040" ind1=" " ind2=" ">
    <subfield code="a">DE-605</subfield>
    <subfield code="c">HBZ/BA</subfield>
    <subfield code="d">DE-605</subfield>
    <subfield code="e">rda</subfield>
  </datafield>
  <datafield tag="041" ind1=" " ind2=" ">
    <subfield code="a">eng</subfield>
  </datafield>
  <datafield tag="245" ind1="0" ind2="0">
    <subfield code="a">RNA as a drug target</subfield>
    <subfield code="b">the next frontier for medicinal chemistry</subfield>
    <subfield code="c">edited by John Schneekloth and Martin Pettersson</subfield>
  </datafield>
  <datafield tag="264" ind1=" " ind2="1">
    <subfield code="a">Weinheim</subfield>
    <subfield code="b">WILEY-VCH</subfield>
    <subfield code="c">[2024]</subfield>
  </datafield>
  <datafield tag="264" ind1=" " ind2="4">
    <subfield code="c">© 2024</subfield>
  </datafield>
  <datafield tag="300" ind1=" " ind2=" ">
    <subfield code="a">xvi, 392 Seiten</subfield>
    <subfield code="b">Illustrationen</subfield>
    <subfield code="c">244 mm</subfield>
  </datafield>
  <datafield tag="336" ind1=" " ind2=" ">
    <subfield code="b">txt</subfield>
  </datafield>
  <datafield tag="337" ind1=" " ind2=" ">
    <subfield code="b">n</subfield>
  </datafield>
  <datafield tag="338" ind1=" " ind2=" ">
    <subfield code="b">nc</subfield>
  </datafield>
  <datafield tag="490" ind1="1" ind2=" ">
    <subfield code="a">Methods and principles in medical chemistry</subfield>
    <subfield code="v">volume 84</subfield>
  </datafield>
  <datafield tag="965" ind1=" " ind2=" ">
    <subfield code="u">https://digitale-objekte.hbz-nrw.de/storage2/2024/10/03/file_17/9597658.pdf</subfield>
  </datafield>
  <datafield tag="035" ind1=" " ind2=" ">
    <subfield code="a">(ELiSA)ELiSA-9783527351008</subfield>
  </datafield>
  <datafield tag="035" ind1=" " ind2=" ">
    <subfield code="a">(DE-599)HBZHT030844118</subfield>
  </datafield>
  <datafield tag="830" ind1=" " ind2="0">
    <subfield code="a">Methods and principles in medical chemistry</subfield>
    <subfield code="v">84</subfield>
    <subfield code="w">(DE-605)</subfield>
    <subfield code="9">O:1</subfield>
  </datafield>
  <datafield tag="856" ind1="4" ind2="2">
    <subfield code="m">B:DE-101</subfield>
    <subfield code="q">application/pdf</subfield>
    <subfield code="u">https://digitale-objekte.hbz-nrw.de/storage2/2024/10/03/file_17/9597658.pdf</subfield>
    <subfield code="3">Inhaltsverzeichnis</subfield>
    <subfield code="9">O:PKN</subfield>
  </datafield>
  <datafield tag="700" ind1="1" ind2=" ">
    <subfield code="a">Schneekloth, John</subfield>
    <subfield code="0">(DE-588)1339302640</subfield>
    <subfield code="4">edt</subfield>
    <subfield code="0">https://d-nb.info/gnd/1339302640</subfield>
    <subfield code="B">GND-1339302640</subfield>
  </datafield>
  <datafield tag="700" ind1="1" ind2=" ">
    <subfield code="a">Pettersson, Martin</subfield>
    <subfield code="0">(DE-588)1339302675</subfield>
    <subfield code="4">edt</subfield>
    <subfield code="0">https://d-nb.info/gnd/1339302675</subfield>
    <subfield code="B">GND-1339302675</subfield>
  </datafield>
  <datafield tag="776" ind1="0" ind2="8">
    <subfield code="i">Erscheint auch als</subfield>
    <subfield code="n">Online-Ausgabe, ePDF</subfield>
    <subfield code="z">9783527840434</subfield>
    <subfield code="9">978-3-527-84043-4</subfield>
  </datafield>
  <datafield tag="776" ind1="0" ind2="8">
    <subfield code="i">Erscheint auch als</subfield>
    <subfield code="n">Online-Ausgabe, ePub</subfield>
    <subfield code="z">9783527840441</subfield>
    <subfield code="9">978-3-527-84044-1</subfield>
  </datafield>
  <datafield tag="776" ind1="0" ind2="8">
    <subfield code="i">Erscheint auch als</subfield>
    <subfield code="n">Online-Ausgabe, oBook</subfield>
    <subfield code="z">9783527840458</subfield>
    <subfield code="9">978-3-527-84045-8</subfield>
  </datafield>
  <datafield tag="650" ind1=" " ind2="4">
    <subfield code="a">Biochemie</subfield>
  </datafield>
  <datafield tag="650" ind1=" " ind2="4">
    <subfield code="a">Biochemistry</subfield>
  </datafield>
  <datafield tag="650" ind1=" " ind2="4">
    <subfield code="a">Biomolecules (DNA, RNA, Peptides, etc.)</subfield>
  </datafield>
  <datafield tag="650" ind1=" " ind2="4">
    <subfield code="a">Biomoleküle (DNA, RNA, Peptide)</subfield>
  </datafield>
  <datafield tag="650" ind1=" " ind2="4">
    <subfield code="a">Biowissenschaften</subfield>
  </datafield>
  <datafield tag="650" ind1=" " ind2="4">
    <subfield code="a">Chemie</subfield>
  </datafield>
  <datafield tag="650" ind1=" " ind2="4">
    <subfield code="a">Chemistry</subfield>
  </datafield>
  <datafield tag="650" ind1=" " ind2="4">
    <subfield code="a">Drug Discovery &amp; Development</subfield>
  </datafield>
  <datafield tag="650" ind1=" " ind2="4">
    <subfield code="a">Life Sciences</subfield>
  </datafield>
  <datafield tag="650" ind1=" " ind2="4">
    <subfield code="a">RNA</subfield>
  </datafield>
  <datafield tag="650" ind1=" " ind2="4">
    <subfield code="a">RNS</subfield>
  </datafield>
  <datafield tag="650" ind1=" " ind2="4">
    <subfield code="a">Wirkstoffforschung</subfield>
  </datafield>
  <datafield tag="650" ind1=" " ind2="4">
    <subfield code="a">Wirkstoffforschung u. -entwicklung</subfield>
  </datafield>
  <datafield tag="653" ind1=" " ind2=" ">
    <subfield code="a">Pharmazeutische Chemie, Medizinische Chemie</subfield>
  </datafield>
  <datafield tag="653" ind1=" " ind2=" ">
    <subfield code="a">Biochemie</subfield>
  </datafield>
  <datafield tag="653" ind1=" " ind2=" ">
    <subfield code="a">Biochemie (nichtmedizinisch)</subfield>
  </datafield>
  <datafield tag="653" ind1=" " ind2="0">
    <subfield code="a">Hardcover, Softcover / Chemie</subfield>
  </datafield>
  <datafield tag="505" ind1="0" ind2=" ">
    <subfield code="a">1. Introduction; 2. RNA Structure Probing, Dynamics, and Folding; 3. High Resolution Structures of RNA; 4. Screening and Lead Generation Techniques for RNA Binders; 5. Chemical Matter that Binds RNA; 6. MicroRNAs as Targets for Small Molecule Binders; 7. Pre-mRNA Splicing Modulation; 8. Prospects for Riboswitches in Drug Development; 9. Small Molecules That Degrade RNA; 10. Approaches to the Identification of Molecules Altering Programmed Ribosomal Frameshifting in Viruses; 11. RNA-Protein Interactions: A New Approach for Drugging RNA Biology; 12. Drugging the Epitranscriptome; 13. Outlook. A Perspective on RNA: The Next Frontier for Small Molecule Therapeutics;</subfield>
  </datafield>
  <datafield tag="520" ind1=" " ind2=" ">
    <subfield code="a">Provides the concepts and tools for developing drug-like small molecules that selectively target RNA rather than proteins, including the first successful examples from the development pipeline of big pharma.</subfield>
  </datafield>
  <datafield tag="MBD" ind1=" " ind2=" ">
    <subfield code="M">49HBZ_NETWORK</subfield>
    <subfield code="i">99374562054206441</subfield>
    <subfield code="n">HBZ Network</subfield>
  </datafield>
  <datafield tag="MBD" ind1=" " ind2=" ">
    <subfield code="M">49HBZ_BIE</subfield>
    <subfield code="i">991026128741206442</subfield>
    <subfield code="n">Universität Bielefeld</subfield>
  </datafield>
  <datafield tag="MNG" ind1=" " ind2=" ">
    <subfield code="c">baecker######49HBZ_BIE</subfield>
    <subfield code="f">OTHER</subfield>
    <subfield code="i">marc21</subfield>
    <subfield code="h">20241003190054.0</subfield>
    <subfield code="l">75</subfield>
    <subfield code="k">01</subfield>
    <subfield code="e">false</subfield>
    <subfield code="d">2025-01-13 14:10:20 Europe/Berlin</subfield>
    <subfield code="g">ELiSA-9783527351008</subfield>
    <subfield code="j">60</subfield>
    <subfield code="a">System</subfield>
    <subfield code="b">2024-09-05 13:05:02 Europe/Berlin</subfield>
  </datafield>
  <datafield tag="H52" ind1="8" ind2=" ">
    <subfield code="b">UB_BI</subfield>
    <subfield code="c">19BT_Mono</subfield>
    <subfield code="h">QX612 R6D7T</subfield>
    <subfield code="8">22372210590006442</subfield>
  </datafield>
  <datafield tag="HOL" ind1=" " ind2=" ">
    <subfield code="d">2025-01-13 13:00:30</subfield>
    <subfield code="8">22372210590006442</subfield>
    <subfield code="b">2024-09-05 14:02:28</subfield>
    <subfield code="M">49HBZ_BIE</subfield>
    <subfield code="g">false</subfield>
    <subfield code="a">Acquisition (PO line BIE-49404)</subfield>
    <subfield code="c">baecker</subfield>
  </datafield>
  <datafield tag="ITM" ind1=" " ind2=" ">
    <subfield code="H">22372210590006442</subfield>
    <subfield code="x">19BT_Mono</subfield>
    <subfield code="f">BOOK</subfield>
    <subfield code="v">19BT_Mono</subfield>
    <subfield code="p">item_08</subfield>
    <subfield code="X">evaquet1</subfield>
    <subfield code="U">2024-10-17 12:28:42 Europe/Berlin</subfield>
    <subfield code="Y">2025-01-15 13:37:27 Europe/Berlin</subfield>
    <subfield code="h">false</subfield>
    <subfield code="M">49HBZ_BIE</subfield>
    <subfield code="s">1</subfield>
    <subfield code="d">8</subfield>
    <subfield code="V">Acquisition (PO line BIE-49404)</subfield>
    <subfield code="b">UBBI-00105909</subfield>
    <subfield code="a">23372210580006442</subfield>
    <subfield code="c">QX612 R6D7T</subfield>
    <subfield code="S">BIE-49404</subfield>
    <subfield code="W">2024-09-05 16:02:28 Europe/Berlin</subfield>
    <subfield code="u">UB_BI</subfield>
    <subfield code="w">UB_BI</subfield>
  </datafield>
  <datafield tag="GSI" ind1="7" ind2=" ">
    <subfield code="a">1339302675</subfield>
    <subfield code="0">http://d-nb.info/gnd/1339302675</subfield>
    <subfield code="2">gnd</subfield>
    <subfield code="A">GND</subfield>
    <subfield code="B">GND-1339302675</subfield>
    <subfield code="C">024</subfield>
  </datafield>
  <datafield tag="GPN" ind1="1" ind2=" ">
    <subfield code="a">Schneekloth, John</subfield>
    <subfield code="c">jr.</subfield>
    <subfield code="A">GND</subfield>
    <subfield code="B">GND-1339302640</subfield>
    <subfield code="C">400</subfield>
  </datafield>
  <datafield tag="GPN" ind1="1" ind2=" ">
    <subfield code="a">Schneekloth, John Jay</subfield>
    <subfield code="c">jr.</subfield>
    <subfield code="A">GND</subfield>
    <subfield code="B">GND-1339302640</subfield>
    <subfield code="C">400</subfield>
  </datafield>
  <datafield tag="GSI" ind1="7" ind2=" ">
    <subfield code="a">1339302640</subfield>
    <subfield code="0">http://d-nb.info/gnd/1339302640</subfield>
    <subfield code="2">gnd</subfield>
    <subfield code="A">GND</subfield>
    <subfield code="B">GND-1339302640</subfield>
    <subfield code="C">024</subfield>
  </datafield>
</record>
